<?xml version="1.0" encoding="UTF-8"?><record xmlns="http://www.loc.gov/MARC21/slim" xmlns:cinclude="http://apache.org/cocoon/include/1.0" xmlns:zs="http://www.loc.gov/zing/srw/">
  <leader>00766cz  a2200229n  4500</leader>
  <controlfield tag="001">nr 99031282 </controlfield>
  <controlfield tag="003">DLC</controlfield>
  <controlfield tag="005">20090515075723.0</controlfield>
  <controlfield tag="008">991006n| acannaabn          |a aac     c</controlfield>
  <datafield tag="010" ind1=" " ind2=" ">
    <subfield code="a">nr 99031282 </subfield>
  </datafield>
  <datafield tag="035" ind1=" " ind2=" ">
    <subfield code="a">(OCoLC)oca05080591</subfield>
  </datafield>
  <datafield tag="040" ind1=" " ind2=" ">
    <subfield code="a">NjP</subfield>
    <subfield code="b">eng</subfield>
    <subfield code="c">NjP</subfield>
    <subfield code="d">NNC</subfield>
  </datafield>
  <datafield tag="053" ind1=" " ind2="0">
    <subfield code="a">PL248.M435</subfield>
  </datafield>
  <datafield tag="100" ind1="0" ind2=" ">
    <subfield code="a">Mehmet Vecihi,</subfield>
    <subfield code="d">1869-1904</subfield>
  </datafield>
  <datafield tag="400" ind1="0" ind2=" ">
    <subfield code="a">Mehmed Vecihi,</subfield>
    <subfield code="d">1869-1904</subfield>
  </datafield>
  <datafield tag="400" ind1="1" ind2=" ">
    <subfield code="a">Vecihi,</subfield>
    <subfield code="d">1869-1904</subfield>
  </datafield>
  <datafield tag="400" ind1="1" ind2=" ">
    <subfield code="a">Vecihi, Mehmet,</subfield>
    <subfield code="d">1869-1904</subfield>
  </datafield>
  <datafield tag="670" ind1=" " ind2=" ">
    <subfield code="a">Mihridil, 1893 or 1894:</subfield>
    <subfield code="b">t.p. (Vecihi)</subfield>
  </datafield>
  <datafield tag="670" ind1=" " ind2=" ">
    <subfield code="a">Büyük Lûgat ve ansik.</subfield>
    <subfield code="b">(Vecihi; author; Istanbul 1869-1904)</subfield>
  </datafield>
  <datafield tag="670" ind1=" " ind2=" ">
    <subfield code="a">Türk edeb. ansik.</subfield>
    <subfield code="b">(Vecihi, Mehmet; novelist; 1869-1904)</subfield>
  </datafield>
  <datafield tag="670" ind1=" " ind2=" ">
    <subfield code="a">Özege</subfield>
    <subfield code="b">no. 13554 (Vecihi)</subfield>
  </datafield>
  <datafield tag="670" ind1=" " ind2=" ">
    <subfield code="a">Türk meşhurları ansik.</subfield>
    <subfield code="b">(Vecihi, Mehmet; 1869-1904)</subfield>
  </datafield>
</record>